@article{shimbel1953structural,
  title={Structural parameters of communication networks},
  author={Shimbel, Alfonso},
  journal={The bulletin of mathematical biophysics},
  volume={15},
  number={4},
  pages={501--507},
  year={1953},
  publisher={Springer}
}

@article{floyd1962algorithm,
  title={Algorithm 97: shortest path},
  author={Floyd, Robert W},
  journal={Communications of the ACM},
  volume={5},
  number={6},
  pages={345},
  year={1962},
  publisher={ACM}
}

@article{fox1987matrix,
  title={Matrix algorithms on a hypercube I: Matrix multiplication},
  author={Fox, Geoffrey C and Otto, Steve W and Hey, Anthony JG},
  journal={Parallel computing},
  volume={4},
  number={1},
  pages={17--31},
  year={1987},
  publisher={Elsevier}
}

@article{opsahl2011anchorage,
  title={Why anchorage is not (that) important: Binary ties and sample selection},
  author={Opsahl, Tore},
  journal={http://toreopsahl. com/2011/08/12/why-anchorage-is-not-that-important-binary-tiesand-sample-selection (accessed September 2013)},
  year={2011}
}
